@article{fermi,
    title={The ionization loss of energy in gases and in condensed materials},
    author={Fermi, Enrico},
    journal={Physical Review},
    volume={57},
    number={6},
    pages={485},
    year={1940},
    publisher={APS},
}

@online{Jens,
    author = {Andreasson, Jens},
    title = {Webbserverprogrammering med Node och Express},
    url = {https://jens-andreasson.gitbook.io/webbserverprogrammering/webbserver/node-introduktion},
    urldate = {2021-09-03},
}

@book{Fraenkel,
    author={Fraenkel, Lars and Gottfridsson, Daniel and Jonasson, Ulf},
    title={Impuls Fysik. 1},
    publisher={Gleerups},
    address={Malm{\"o}},
    year={2011},
    edition={1. uppl., 2. tr.},
    ISBN={9140674150},
    keywords={Fysik},
}
@online{KineticJournals,
    author={Balzar, Pauliina, Hassan, Lobna, Turunen, Markku},
    title = {“It’s Easier to Play Alone”: A Survey Study of Gaming With Disabilities},
    url = {https://journals.humankinetics.com/view/journals/jege/1/1/article-jege.2022-0029.xml},
    urldate = {2023-4-6},
}
@online{Gameaccessibilityguidelines,
    author={Ellis, Barrie},
    title = {Game accessibility guidelines},
    url = {https://gameaccessibilityguidelines.com/},
    urldate = {2023-10-04},
}
o@online{Funktionsrättsguiden,
    author={Funktionsrättsguiden},
    title = {Tillgänglighet},
    url = {https://guide.funktionsrattskonventionen.se/hur-du-anvander-konventionen/tillganglighet/},
    urldate = {2023-10-04},
}
@online{Fornite,
    author={Epic games},
    title = {Fortnite},
    url = {https://www.fortnite.com/},
    urldate = {2023-11-15},
}

@online{Apex,
    author={Electronic Arts},
    title = {Apex legends},
    url = {https://www.ea.com/en-gb/games/apex-legends},
    urldate = {2023-11-15},
}
    
